@article{guimera2018molecular,
  title={‘Molecular habituation’as a potential mechanism of gradual homeostatic loss with age},
  author={Guimera, Alvaro Martinez and Welsh, Ciaran M and Proctor, Carole J and McArdle, Anne and Shanley, Daryl P},
  journal={Mechanisms of ageing and development},
  volume={169},
  pages={53--62},
  year={2018},
  publisher={Elsevier}
}